<?xml version="1.0" encoding="UTF-8"?><collection xmlns="http://www.loc.gov/MARC21/slim"><record><leader>00363nam--2200133-i-4500</leader><controlfield tag="001">000043560</controlfield><controlfield tag="002">20161230</controlfield><controlfield tag="005">20161230201044</controlfield><controlfield tag="008">060222s1000------------r-----000-0-eng-d</controlfield><datafield ind1=" " ind2=" " tag="080"><subfield code="a">54.07(043):577.17(043)</subfield></datafield><datafield ind1=" " ind2=" " tag="100"><subfield code="a">Takecuchi,Clyde Asso</subfield></datafield><datafield ind1=" " ind2=" " tag="245"><subfield code="a">The biosynthesis of prostaglandins</subfield></datafield><datafield ind1=" " ind2=" " tag="260"><subfield code="a">A N Arbor, Univ.Microfillms,Inc, 1975. X + 112 P</subfield></datafield><datafield ind1=" " ind2=" " tag="852"><subfield code="a">43157</subfield></datafield></record></collection>